@inproceedings{torfingerprinting,
 author = {Panchenko, Andriy and Niessen, Lukas and Zinnen, Andreas and Engel, Thomas},
 title = {Website fingerprinting in onion routing based anonymization networks},
 booktitle = {Proceedings of the 10th annual ACM workshop on Privacy in the electronic society},
 series = {WPES '11},
 year = {2011},
 isbn = {978-1-4503-1002-4},
 location = {Chicago, Illinois, USA},
 pages = {103--114},
 numpages = {12},
 url = {http://doi.acm.org/10.1145/2046556.2046570},
 doi = {http://doi.acm.org/10.1145/2046556.2046570},
 acmid = {2046570},
 publisher = {ACM},
 address = {New York, NY, USA},
 keywords = {anonymous communication, pattern recognition, privacy, traffic analysis, website fingerprinting},
},

@article{sklearn,
 title={{Scikit-learn: Machine Learning in Python }},
 author={Pedregosa, F. and Varoquaux, G. and Gramfort, A. and Michel, V.
         and Thirion, B. and Grisel, O. and Blondel, M. and Prettenhofer, P.
         and Weiss, R. and Dubourg, V. and Vanderplas, J. and Passos, A. and
         Cournapeau, D. and Brucher, M. and Perrot, M. and Duchesnay E.},
 journal={Journal of Machine Learning Research},
 volume={12},
 pages={2825--2830},
 year={2011}
},

@misc{cvxopt,
  title={{CVXOPT }},
  	author={	Vandenberghe, L.},
	note={\url{http://abel.ee.ucla.edu/cvxopt}}
},

@misc{github,
  title={{Project Github repository}},
  author={Stark, Emily},
  note={\url{https://github.com/estark37/ssl-fingerprinting}}
},

@inproceedings{safeweb,
 author = {Hintz, Andrew},
 title = {Fingerprinting websites using traffic analysis},
 booktitle = {Proceedings of the 2nd international conference on Privacy enhancing technologies},
 series = {PET'02},
 year = {2003},
 isbn = {3-540-00565-X},
 location = {San Francisco, CA, USA},
 pages = {171--178},
 numpages = {8},
 url = {http://dl.acm.org/citation.cfm?id=1765299.1765312},
 acmid = {1765312},
 publisher = {Springer-Verlag},
 address = {Berlin, Heidelberg},
},

@inproceedings{liberatore,
Author = {Liberatore, Marc and Levine, Brian Neil},
Booktitle = {Proc. ACM conference on Computer and Communications Security (CCS)},
Keywords = {security; privacy; anonymity; forensics},
Month = {October},
Pages = {255--263},
Sponsors = {NSF-0133055 and NSF-0325868},
Title = {{Inferring the Source of Encrypted HTTP Connections}},
Traces_Url = {http://traces.cs.umass.edu},
Url = {http://prisms.cs.umass.edu/brian/pubs/liberatore.ccs2006.pdf},
Year = {2006},
Bdsk-Url-1 = {http://prisms.cs.umass.edu/brian/pubs/liberatore.ccs2006.pdf}},

@inproceedings{herrmann,
  title = {Website fingerprinting: attacking popular privacy enhancing technologies with
        the multinomial naive-bayes classifier}, 
  author = {Dominik Herrmann and Rolf Wendolsky and Hannes Federrath}, 
  booktitle = {Proceedings of the 2009 ACM workshop on Cloud computing security (CCSW
        '09)}, 
  year = {2009}, 
  address = {New York, NY, USA}, 
  location = {Chicago, Illinois, USA}, 
  pages = {31--42}, 
  publisher = {ACM}, 
  doi = {http://doi.acm.org/10.1145/1655008.1655013}, 
  isbn = {978-1-60558-784-4}, 
  www_section = {Traffic analysis}, 
  www_tags = {selected}, 
  www_pdf_url = {http://epub.uni-regensburg.de/11919/1/authorsversion-ccsw09.pdf}
},

@misc{alexa,
  title = {Alexa Top 500 Global Sites},
  note = {\url{http://www.alexa.com/topsites}}
},

@article{cramersinger,
 author = {Crammer, Koby and Singer, Yoram},
 title = {On the algorithmic implementation of multiclass kernel-based vector machines},
 journal = {J. Mach. Learn. Res.},
 volume = {2},
 month = {March},
 year = {2002},
 issn = {1532-4435},
 pages = {265--292},
 numpages = {28},
 url = {http://dl.acm.org/citation.cfm?id=944790.944813},
 acmid = {944813},
 publisher = {JMLR.org},
} 
  
  